


@entry{predicate,
 name = {predicado},
 description = {Um predicado é qualquer expressão que quando avaliada
                  retorna um boolean (desde que todos os termos
                  envolvidos estejam definidos/especificados), ou
                  seja, seu valor lógico pode ser avaliado como
                  verdadeiro ou falso, apenas. Por exemplo, (= 1 2) e
                  (> 5 2) são predicados.}
}

% os predicados seriam os simbolos `<` ou `=` ou as expressões `(= 1 2)`? Veja https://www.cs.cmu.edu/Groups/AI/html/cltl/clm/node73.html



